@book{ASLAbstractSyntaxReference,
  title = {{ASL} {A}bstract {S}yntax {R}eference},
  author = {Arm {A}rchitecture {T}echnology {G}roup},
  year = {2023},
}

@book{ASLTypingReference,
  title = {{ASL} {T}yping {R}eference},
  author = {Arm {A}rchitecture {T}echnology {G}roup},
  year = {2023},
}

@book{ASLSemanticsReference,
  title = {{ASL} {S}emantics {R}eference},
  author = {Arm {A}rchitecture {T}echnology {G}roup},
  year = {2023},
}

@article{AlglaveDGHM21,
  author       = {Jade Alglave and
                  Will Deacon and
                  Richard Grisenthwaite and
                  Antoine Hacquard and
                  Luc Maranget},
  title        = {Armed Cats: Formal Concurrency Modelling at Arm},
  journal      = {{ACM} Trans. Program. Lang. Syst.},
  volume       = {43},
  number       = {2},
  pages        = {8:1--8:54},
  year         = {2021},
  url          = {https://doi.org/10.1145/3458926},
  doi          = {10.1145/3458926},
  timestamp    = {Thu, 29 Jul 2021 12:02:54 +0200},
  biburl       = {https://dblp.org/rec/journals/toplas/AlglaveDGHM21.bib},
  bibsource    = {dblp computer science bibliography, https://dblp.org}
}

@incollection{TypeSystemsLucaCardelli,
  author       = {Luca Cardelli},
  editor       = {Allen B. Tucker},
  title        = {Type Systems},
  booktitle    = {The Computer Science and Engineering Handbook},
  pages        = {2208--2236},
  publisher    = {{CRC} Press},
  year         = {1997},
  timestamp    = {Sun, 09 Jul 2017 13:53:27 +0200},
  biburl       = {https://dblp.org/rec/books/crc/tucker97/Cardelli97.bib},
  bibsource    = {dblp computer science bibliography, https://dblp.org}
}

@book{SemanticsWithApplicationsBook,
author = {Nielson, Hanne Riis and Nielson, Flemming},
title = {Semantics with applications: a formal introduction},
year = {1992},
isbn = {0471929808},
publisher = {John Wiley \& Sons, Inc.},
address = {USA}
}
